<?xml version="1.0" encoding="UTF-8"?><collection xmlns="http://www.loc.gov/MARC21/slim"><record><leader>00398nam--2200169-i-4500</leader><controlfield tag="001">000048367</controlfield><controlfield tag="002">20161230</controlfield><controlfield tag="005">20170108211902</controlfield><controlfield tag="008">060222s1000------------r-----000-0-eng-d</controlfield><datafield ind1=" " ind2=" " tag="080"><subfield code="a">538.95:546.23</subfield></datafield><datafield ind1=" " ind2=" " tag="100"><subfield code="a">Abdinov, D. Sh</subfield></datafield><datafield ind1=" " ind2=" " tag="245"><subfield code="a">Fizika selena</subfield></datafield><datafield ind1=" " ind2=" " tag="260"><subfield code="a">Baku</subfield><subfield code="b">Izdatelstvo Elm</subfield><subfield code="c">1975</subfield></datafield><datafield ind1=" " ind2=" " tag="300"><subfield code="a">404 p</subfield></datafield><datafield ind1=" " ind2=" " tag="700"><subfield code="a">Abdullaev, G. B</subfield></datafield><datafield ind1=" " ind2=" " tag="852"><subfield code="a">75040</subfield></datafield><datafield ind1=" " ind2=" " tag="CAT"><subfield code="a">SYS</subfield><subfield code="c">20170108</subfield><subfield code="h">211902</subfield></datafield></record></collection>